@online{cricsheet,
  title = {Cricksheet},
  year = 2016,
  url = {http://cricsheet.org/},
  urldate = {2016-03-12}
}
@article{kampakis2015using,
  title={Using Machine Learning to Predict the Outcome of English County twenty over Cricket Matches},
  author={Kampakis, Stylianos and Thomas, William},
  journal={arXiv preprint arXiv:1511.05837},
  year={2015}
}
@inproceedings{sankaranarayanan2014auto,
  title={Auto-play: A Data Mining Approach to ODI Cricket Simulation and Prediction.},
  author={Sankaranarayanan, Vignesh Veppur and Sattar, Junaed and Lakshmanan, Laks VS},
  booktitle={SDM},
  pages={1064--1072},
  year={2014},
  organization={SIAM}
}
@inproceedings{kaluarachchi2010cricai,
  title={CricAI: A classification based tool to predict the outcome in ODI cricket},
  author={Kaluarachchi, Amal and Varde, Aparna S},
  booktitle={Information and Automation for Sustainability (ICIAFs), 2010 5th International Conference on},
  pages={250--255},
  year={2010},
  organization={IEEE}
}

 @misc{ wiki,
   author = "Wikipedia",
   title = "WASP (cricket calculation tool)",
   year = "2014",
   url = "https://en.wikipedia.org/wiki/WASP_(cricket_calculation_tool)",
   note = "[Online; accessed 21-Mar-2016]"
 }